<record><leader>00000cas a2200000 a 4500</leader><controlfield tag="001">10291640</controlfield><controlfield tag="008">840112d19481953ohuwr ne      0    0eng c</controlfield><datafield ind1=" " ind2=" " tag="010"><subfield code="a">sn 84028003 </subfield></datafield><datafield ind1=" " ind2=" " tag="040"><subfield code="a">NPY</subfield><subfield code="b">eng</subfield><subfield code="c">NPY</subfield><subfield code="d">ONP</subfield><subfield code="d">CRL</subfield><subfield code="d">OCLCQ</subfield><subfield code="d">OCLCF</subfield><subfield code="d">OCLCO</subfield></datafield><datafield ind1=" " ind2=" " tag="042"><subfield code="a">pcc</subfield></datafield><datafield ind1=" " ind2=" " tag="043"><subfield code="a">n-us-oh</subfield></datafield><datafield ind1="0" ind2=" " tag="130"><subfield code="a">Lakewood post and West Shore post (Lakewood, Ohio : 1948)</subfield></datafield><datafield ind1="1" ind2="4" tag="245"><subfield code="a">The Lakewood post and West Shore post.</subfield></datafield><datafield ind1="1" ind2="7" tag="246"><subfield code="a">Lakewood post</subfield></datafield><datafield ind1=" " ind2=" " tag="260"><subfield code="a">Cleveland (Lakewood), Ohio :</subfield><subfield code="b">John Lewis Shissler and Ray David Hawley,</subfield><subfield code="c">1948-1953.</subfield></datafield><datafield ind1=" " ind2=" " tag="300"><subfield code="a">5 v. :</subfield><subfield code="b">ill.</subfield></datafield><datafield ind1=" " ind2=" " tag="310"><subfield code="a">Weekly</subfield></datafield><datafield ind1="0" ind2=" " tag="362"><subfield code="a">Vol. 29, no. 49 (Mar. 5, 1948)-v. 33, no. 46 (Sept. 11, 1953).</subfield></datafield><datafield ind1=" " ind2=" " tag="530"><subfield code="a">Also issued on microfilm from UMI.</subfield></datafield><datafield ind1=" " ind2="0" tag="651"><subfield code="a">Lakewood (Ohio)</subfield><subfield code="v">Newspapers.</subfield></datafield><datafield ind1=" " ind2="0" tag="651"><subfield code="a">Cuyahoga County (Ohio)</subfield><subfield code="v">Newspapers.</subfield></datafield><datafield ind1=" " ind2="7" tag="655"><subfield code="a">Newspapers.</subfield><subfield code="2">fast</subfield><subfield code="0">(OCoLC)fst01423814</subfield></datafield><datafield ind1=" " ind2="7" tag="651"><subfield code="a">Ohio</subfield><subfield code="z">Cuyahoga County.</subfield><subfield code="2">fast</subfield><subfield code="0">(OCoLC)fst01202752</subfield></datafield><datafield ind1=" " ind2="7" tag="651"><subfield code="a">Ohio</subfield><subfield code="z">Lakewood.</subfield><subfield code="2">fast</subfield><subfield code="0">(OCoLC)fst01227147</subfield></datafield><datafield ind1=" " ind2=" " tag="752"><subfield code="a">United States</subfield><subfield code="b">Ohio</subfield><subfield code="c">Cuyahoga</subfield><subfield code="d">Lakewood.</subfield></datafield><datafield ind1="0" ind2="0" tag="780"><subfield code="t">Lakewood post (Lakewood, Ohio : 1941)</subfield><subfield code="w">(DLC)sn 84028004</subfield><subfield code="w">(OCoLC)10291685</subfield></datafield><datafield ind1="0" ind2="1" tag="785"><subfield code="t">Lakewood post (Lakewood, Ohio : 1953)</subfield><subfield code="w">(DLC)sn 90068095</subfield><subfield code="w">(OCoLC)22122593</subfield></datafield><datafield ind1="0" ind2="1" tag="785"><subfield code="t">West Shore post (Cleveland, Ohio : 1953)</subfield><subfield code="w">(DLC)sn 90068458</subfield><subfield code="w">(OCoLC)22334146</subfield></datafield></record>